%YAML 1.1
%TAG !u! tag:unity3d.com,2011:
--- !u!1001 &100100000
Prefab:
  m_ObjectHideFlags: 1
  serializedVersion: 2
  m_Modification:
    m_TransformParent: {fileID: 0}
    m_Modifications: []
    m_RemovedComponents: []
  m_ParentPrefab: {fileID: 0}
  m_RootGameObject: {fileID: 1909410276219354}
  m_IsPrefabParent: 1
--- !u!1 &1909410276219354
GameObject:
  m_ObjectHideFlags: 0
  m_PrefabParentObject: {fileID: 0}
  m_PrefabInternal: {fileID: 100100000}
  serializedVersion: 5
  m_Component:
  - component: {fileID: 4813016925374756}
  - component: {fileID: 114251659622472826}
  - component: {fileID: 114862314583078570}
  - component: {fileID: 114483901035874402}
  m_Layer: 0
  m_Name: LevelLoader
  m_TagString: Untagged
  m_Icon: {fileID: 0}
  m_NavMeshLayer: 0
  m_StaticEditorFlags: 0
  m_IsActive: 1
--- !u!4 &4813016925374756
Transform:
  m_ObjectHideFlags: 1
  m_PrefabParentObject: {fileID: 0}
  m_PrefabInternal: {fileID: 100100000}
  m_GameObject: {fileID: 1909410276219354}
  m_LocalRotation: {x: 0, y: 0, z: 0, w: 1}
  m_LocalPosition: {x: 0, y: 0, z: 0}
  m_LocalScale: {x: 1, y: 1, z: 1}
  m_Children: []
  m_Father: {fileID: 0}
  m_RootOrder: 0
  m_LocalEulerAnglesHint: {x: 0, y: 0, z: 0}
--- !u!114 &114251659622472826
MonoBehaviour:
  m_ObjectHideFlags: 1
  m_PrefabParentObject: {fileID: 0}
  m_PrefabInternal: {fileID: 100100000}
  m_GameObject: {fileID: 1909410276219354}
  m_Enabled: 1
  m_EditorHideFlags: 0
  m_Script: {fileID: 11500000, guid: b66f4805936d2bc45897b8638c7686f0, type: 3}
  m_Name: 
  m_EditorClassIdentifier: 
  level: {fileID: 1622004649266282, guid: 289a937138acf46379bc2ac8630d636f, type: 2}
  tilePrefab: {fileID: 1096978479676584, guid: fd24abce5efd947409d37dd8a8e7ee1e, type: 2}
  TESTEnemyprefab: {fileID: 1187532730533164, guid: 977fca975862781458d1a2677bdfb27c,
    type: 2}
  TESTfrequency: 1
  TESTenemycount: 10
--- !u!114 &114483901035874402
MonoBehaviour:
  m_ObjectHideFlags: 1
  m_PrefabParentObject: {fileID: 0}
  m_PrefabInternal: {fileID: 100100000}
  m_GameObject: {fileID: 1909410276219354}
  m_Enabled: 1
  m_EditorHideFlags: 0
  m_Script: {fileID: 11500000, guid: dca73deedd7f34d76961f2613149de83, type: 3}
  m_Name: 
  m_EditorClassIdentifier: 
--- !u!114 &114862314583078570
MonoBehaviour:
  m_ObjectHideFlags: 1
  m_PrefabParentObject: {fileID: 0}
  m_PrefabInternal: {fileID: 100100000}
  m_GameObject: {fileID: 1909410276219354}
  m_Enabled: 1
  m_EditorHideFlags: 0
  m_Script: {fileID: 11500000, guid: fbb9d60924726456c838a8211162663e, type: 3}
  m_Name: 
  m_EditorClassIdentifier: 
  pathPrefabs:
  - {fileID: 1595886715471296, guid: 86c680534a3754c1b9a4cee2f2439bf3, type: 2}
  - {fileID: 1323114165495674, guid: bdbc15809f564408f99cf40c55496af5, type: 2}
